@MastersThesis{ZavadaBP,
author = 	"Vladislav Závada",
title = 	"Simulátor procesoru s operací násobení",
school = 	"FIT VUT v Brně",
year = 		"2016",
OPTkey = {},
type = 		"Bakalářska práce",
address = 	"",
OPTmonth = {},
OPTnote = {},
OPTannote = {}
}

@MastersThesis{MatecnyBP,
author = 	"František Matečný",
title = 	"Simulátor procesora s operáciou delenia",
school = 	"FIT VUT v Brně",
year = 		"2016",
OPTkey = {},
type = 		"Bakalářska práce",
address = 	"",
OPTmonth = {},
OPTnote = {},
OPTannote = {}
}

@MastersThesis{CamborBP,
author = 	"Michal Čambor",
title = 	"Elementární procesor v aritmetice pevné a pohyblivé řádové čárky",
school = 	"FIT VUT v Brně",
year = 		"2009",
OPTkey = {},
type = 		"Bakalářska práce",
address = 	"",
OPTmonth = {},
OPTnote = {},
OPTannote = {}
}

@MastersThesis{OpalkaBP,
author = 	"Jan Opálka",
title = 	"Automatické řízení výpočtu",
school = 	"FIT VUT v Brně",
year = 		"2014",
OPTkey = {},
type = 		"Bakalářska práce",
address = 	"",
OPTmonth = {},
OPTnote = {},
OPTannote = {}
}


@MastersThesis{OpalkaDP,
author = 	"Jan Opálka",
title = 	"Automatické řízení výpočtu ve specializovaném výpočetním systému",
school = 	"FIT VUT v Brně",
year = 		"2016",
OPTkey = {},
type = 		"Diplomová práce",
address = 	"",
OPTmonth = {},
OPTnote = {},
OPTannote = {}
}


@MastersThesis{KrausDP,
author = 	"Michal Kraus",
title = 	"Elementární procesor specializovaného paralelního systému",
school = 	"FIT VUT v Brně",
year = 		"2006",
OPTkey = {},
type = 		"Diplomová práce",
address = 	"",
OPTmonth = {},
OPTnote = {},
OPTannote = {}
}

@MastersThesis{KrausDisP,
author = 	"Michal Kraus",
title = 	"Paralelní výpočetní architektury založené na numerické integraci",
school = 	"FIT VUT v Brně",
year = 		"2013",
OPTkey = {},
type = 		"Disertačná práca",
address = 	"",
OPTmonth = {},
OPTnote = {},
OPTannote = {}
}


@MastersThesis{KunovskyH,
author = 	"Jiří Kunovský",
title = 	"Modern Taylor Series Method",
school = 	"VUT Brno",
year = 		"1994",
OPTkey = {},
type = 		"Habilitation work",
address = 	"",
OPTmonth = {},
OPTnote = {},
OPTannote = {}
}

@Book{NumMetody,
author = {Milan Kubíček, Miroslava Dubcová, Drahoslava Janovská},
title = 		"Numerické metody a algoritmy",
publisher = 	"VŠCHT Praha",
year = 			"2005",
isbn = 			"80-7080-558-7",
note = {},
}

@BOOK{Guide,
  author =       "{Jean Pierre Deschamps, Gustavo D. Sutter, Enrique Cantó}",
  title =        "{\it Guide to FPGA Implementation of Arithmetic Functions}",
  publisher =    "Springer",
  year =         "2012",
  isbn =         "978-94-007-2986-5",
  url  =		 "",
  note = "{VHDL} kódy dostupné z: {\tt http://www.arithmetic-circuits.org/guide2fpga/vhdl\_codes.htm}"
}


@MISC{FXOnline,
author =       "Pavel Tišňovský",
title =        "Fixed point arithmetic [online]",
publisher =    "ROOT.cz",
year =         "2006-05-24 [cit. 2017-11-22]",
howpublished=  "{\tt http://www.root.cz/clanky/fixed-point-arithmetic/}",
}

@MISC{FPOnline,
author =       "Pavel Tišňovský",
title =        "Norma IEEE 754 a příbuzní: formáty plovoucí řádové tečky [online]",
publisher =    "ROOT.cz",
year =         "2006-05-31 [cit. 2017-11-22]",
howpublished=  "{\tt https://www.root.cz/clanky/norma-ieee-754-a-pribuzni-formaty \\ -plovouci-radove-tecky/}",
}


@MISC{FPOnline_operacie,
author =       "Pavel Tišňovský",
title =        "Aritmetické operace s hodnotami ve formátu plovoucí řádové čárky [online]",
publisher =    "ROOT.cz",
year =         "2006-06-07 [cit. 2018-01-07]",
howpublished=  "{\tt https://www.root.cz/clanky/aritmeticke-operace-s-hodnotami-ve-formatu \\ -plovouci-radove-carky/}",
}


@Misc{inpRepDat,
OPTkey = {},
author = {Lukáš Sekanina},
title = 		"Reprezentace dat",
publisher = 	"FIT VUT v Brně",
OPTmonth = {},
year = 			"2017",
note = 			"Slajdy k predmetu INP - Návrh počítačových systémů",
OPTannote = {},
howpublished=  "{}",
}


@Misc{inpFP,
OPTkey = {},
author = {Lukáš Sekanina},
title = 		"Operace v FP a iterační algoritmy",
publisher = 	"FIT VUT v Brně",
OPTmonth = {},
year = 			"2017",
note = 			"Slajdy k predmetu INP - Návrh počítačových systémů",
OPTannote = {},
howpublished=  "{}",
}
